@book{bijl2013uncertainty,
  title={Uncertainty quantification in computational fluid dynamics},
  author={Bijl, Hester and Lucor, Didier and Mishra, Siddhartha and Schwab, Christoph},
  volume={92},
  year={2013},
  publisher={Springer Science \& Business Media}
}
